%% LaTeX2e file `main.bib'
%% generated by the `filecontents' environment
%% from source `main' on 2023/11/24.
%%
@misc{vaswani2023attention,
  title={Attention Is All You Need},
  author={Ashish Vaswani and Noam Shazeer and Niki Parmar and Jakob Uszkoreit and Llion Jones and Aidan N. Gomez and Lukasz Kaiser and Illia Polosukhin},
  year={2023},
  eprint={1706.03762},
  archivePrefix={arXiv},
  primaryClass={cs.CL}
}
