@article{luo2005active,
  title={Active learning to recognize multiple types of plankton.},
  author={Luo, Tong and Kramer, Kurt and Goldgof, Dmitry B and Hall, Lawrence O and Samson, Scott and Remsen, Andrew and Hopkins, Thomas and Cohn, David},
  journal={Journal of Machine Learning Research},
  volume={6},
  number={4},
  year={2005}
}

@inproceedings{hoi2006batch,
  title={Batch mode active learning and its application to medical image classification},
  author={Hoi, Steven CH and Jin, Rong and Zhu, Jianke and Lyu, Michael R},
  booktitle={Proceedings of the 23rd international conference on Machine learning},
  pages={417--424},
  year={2006}
}

@techreport{settles.tr09,
  Author = {Burr Settles},
  Institution = {University of Wisconsin--Madison},
  Number = {1648},
  Title = {Active Learning Literature Survey},
  Type = {Computer Sciences Technical Report},
  Year = {2009},
}

@article{nguyen2014supervised,
  title={Supervised machine learning and active learning in classification of radiology reports},
  author={Nguyen, Dung HM and Patrick, Jon D},
  journal={Journal of the American Medical Informatics Association},
  volume={21},
  number={5},
  pages={893--901},
  year={2014},
  publisher={BMJ Publishing Group BMA House, Tavistock Square, London, WC1H 9JR}
}

@article{hills2015exploration,
  title={Exploration versus exploitation in space, mind, and society},
  author={Hills, Thomas T and Todd, Peter M and Lazer, David and Redish, A David and Couzin, Iain D},
  journal={Trends in cognitive sciences},
  volume={19},
  number={1},
  pages={46--54},
  year={2015},
  publisher={Elsevier}
}

@article{de2021deep,
  title={Deep active learning for classifying cancer pathology reports},
  author={De Angeli, Kevin and Gao, Shang and Alawad, Mohammed and Yoon, Hong-Jun and Schaefferkoetter, Noah and Wu, Xiao-Cheng and Durbin, Eric B and Doherty, Jennifer and Stroup, Antoinette and Coyle, Linda and others},
  journal={BMC bioinformatics},
  volume={22},
  number={1},
  pages={1--25},
  year={2021},
  publisher={BioMed Central}
}

@book{monarch2021human,
  title={Human-in-the-Loop Machine Learning: Active learning and annotation for human-centered AI},
  author={Monarch, Robert Munro},
  year={2021},
  publisher={Simon and Schuster}
}

@article{mosqueira2023human,
  title={Human-in-the-loop machine learning: A state of the art},
  author={Mosqueira-Rey, Eduardo and Hern{\'a}ndez-Pereira, Elena and Alonso-R{\'i}os, David and Bobes-Bascar{\'a}n, Jos{\'e} and Fern{\'a}ndez-Leal, {\'A}ngel},
  journal={Artificial Intelligence Review},
  volume={56},
  number={4},
  pages={3005--3054},
  year={2023},
  publisher={Springer}
}